%YAML 1.1
%TAG !u! tag:unity3d.com,2011:
--- !u!1 &7372231457574014767
GameObject:
  m_ObjectHideFlags: 0
  m_CorrespondingSourceObject: {fileID: 0}
  m_PrefabInstance: {fileID: 0}
  m_PrefabAsset: {fileID: 0}
  serializedVersion: 6
  m_Component:
  - component: {fileID: 7372231457574014766}
  - component: {fileID: 7372231457574014765}
  - component: {fileID: 7372231457574014764}
  - component: {fileID: 1630822429602202140}
  m_Layer: 0
  m_Name: Enemy
  m_TagString: Untagged
  m_Icon: {fileID: -1412012063857583412, guid: 0000000000000000d000000000000000, type: 0}
  m_NavMeshLayer: 0
  m_StaticEditorFlags: 0
  m_IsActive: 1
--- !u!4 &7372231457574014766
Transform:
  m_ObjectHideFlags: 0
  m_CorrespondingSourceObject: {fileID: 0}
  m_PrefabInstance: {fileID: 0}
  m_PrefabAsset: {fileID: 0}
  m_GameObject: {fileID: 7372231457574014767}
  m_LocalRotation: {x: 0, y: 0, z: 0, w: 1}
  m_LocalPosition: {x: 2.68, y: 0.194, z: 0}
  m_LocalScale: {x: 1, y: 1, z: 1}
  m_Children:
  - {fileID: 7045270350828117102}
  m_Father: {fileID: 0}
  m_RootOrder: 0
  m_LocalEulerAnglesHint: {x: 0, y: 0, z: 0}
--- !u!65 &7372231457574014765
BoxCollider:
  m_ObjectHideFlags: 0
  m_CorrespondingSourceObject: {fileID: 0}
  m_PrefabInstance: {fileID: 0}
  m_PrefabAsset: {fileID: 0}
  m_GameObject: {fileID: 7372231457574014767}
  m_Material: {fileID: 0}
  m_IsTrigger: 0
  m_Enabled: 1
  serializedVersion: 2
  m_Size: {x: 0.55, y: 0.7, z: 1}
  m_Center: {x: 0, y: 0.33, z: 0}
--- !u!114 &7372231457574014764
MonoBehaviour:
  m_ObjectHideFlags: 0
  m_CorrespondingSourceObject: {fileID: 0}
  m_PrefabInstance: {fileID: 0}
  m_PrefabAsset: {fileID: 0}
  m_GameObject: {fileID: 7372231457574014767}
  m_Enabled: 1
  m_EditorHideFlags: 0
  m_Script: {fileID: 11500000, guid: 32dad1d44eaa9174b842ae3f71f7f5b8, type: 3}
  m_Name: 
  m_EditorClassIdentifier: 
  startHP: 30
--- !u!114 &1630822429602202140
MonoBehaviour:
  m_ObjectHideFlags: 0
  m_CorrespondingSourceObject: {fileID: 0}
  m_PrefabInstance: {fileID: 0}
  m_PrefabAsset: {fileID: 0}
  m_GameObject: {fileID: 7372231457574014767}
  m_Enabled: 1
  m_EditorHideFlags: 0
  m_Script: {fileID: 11500000, guid: 0166d8ff8d905b048b2448179e1f5d11, type: 3}
  m_Name: 
  m_EditorClassIdentifier: 
  _components:
  - {fileID: 7372231457574014764}
  _identifier: 
  _useSceneContext: 0
  _context: {fileID: 0}
  _bindType: 2
--- !u!95 &7372231456208920078
Animator:
  serializedVersion: 3
  m_ObjectHideFlags: 0
  m_CorrespondingSourceObject: {fileID: 0}
  m_PrefabInstance: {fileID: 0}
  m_PrefabAsset: {fileID: 0}
  m_GameObject: {fileID: 7678079512386717396}
  m_Enabled: 1
  m_Avatar: {fileID: 0}
  m_Controller: {fileID: 9100000, guid: 9c07ef8e4d307c841a50cff6037d26bf, type: 2}
  m_CullingMode: 0
  m_UpdateMode: 0
  m_ApplyRootMotion: 0
  m_LinearVelocityBlending: 0
  m_WarningMessage: 
  m_HasTransformHierarchy: 1
  m_AllowConstantClipSamplingOptimization: 1
  m_KeepAnimatorControllerStateOnDisable: 0
--- !u!114 &5555046041712072437
MonoBehaviour:
  m_ObjectHideFlags: 0
  m_CorrespondingSourceObject: {fileID: 0}
  m_PrefabInstance: {fileID: 0}
  m_PrefabAsset: {fileID: 0}
  m_GameObject: {fileID: 7678079512386717396}
  m_Enabled: 1
  m_EditorHideFlags: 0
  m_Script: {fileID: 11500000, guid: 559d449272bb47545af3b4738f4c8e23, type: 3}
  m_Name: 
  m_EditorClassIdentifier: 
  _material: {fileID: 5580436997151000311, guid: 4d1b8ecc92693804baeab78e7ddfcdd8, type: 3}
  startColor: {r: 0.8584906, g: 0.8584906, b: 0.8584906, a: 1}
--- !u!1001 &7372231455735217029
PrefabInstance:
  m_ObjectHideFlags: 0
  serializedVersion: 2
  m_Modification:
    m_TransformParent: {fileID: 7372231457574014766}
    m_Modifications:
    - target: {fileID: -8679921383154817045, guid: 4d1b8ecc92693804baeab78e7ddfcdd8, type: 3}
      propertyPath: m_RootOrder
      value: 0
      objectReference: {fileID: 0}
    - target: {fileID: -8679921383154817045, guid: 4d1b8ecc92693804baeab78e7ddfcdd8, type: 3}
      propertyPath: m_LocalScale.x
      value: 0.25
      objectReference: {fileID: 0}
    - target: {fileID: -8679921383154817045, guid: 4d1b8ecc92693804baeab78e7ddfcdd8, type: 3}
      propertyPath: m_LocalScale.y
      value: 0.25
      objectReference: {fileID: 0}
    - target: {fileID: -8679921383154817045, guid: 4d1b8ecc92693804baeab78e7ddfcdd8, type: 3}
      propertyPath: m_LocalScale.z
      value: 0.25
      objectReference: {fileID: 0}
    - target: {fileID: -8679921383154817045, guid: 4d1b8ecc92693804baeab78e7ddfcdd8, type: 3}
      propertyPath: m_LocalPosition.x
      value: 0
      objectReference: {fileID: 0}
    - target: {fileID: -8679921383154817045, guid: 4d1b8ecc92693804baeab78e7ddfcdd8, type: 3}
      propertyPath: m_LocalPosition.y
      value: 0
      objectReference: {fileID: 0}
    - target: {fileID: -8679921383154817045, guid: 4d1b8ecc92693804baeab78e7ddfcdd8, type: 3}
      propertyPath: m_LocalPosition.z
      value: 0
      objectReference: {fileID: 0}
    - target: {fileID: -8679921383154817045, guid: 4d1b8ecc92693804baeab78e7ddfcdd8, type: 3}
      propertyPath: m_LocalRotation.w
      value: 0.7071068
      objectReference: {fileID: 0}
    - target: {fileID: -8679921383154817045, guid: 4d1b8ecc92693804baeab78e7ddfcdd8, type: 3}
      propertyPath: m_LocalRotation.x
      value: 0
      objectReference: {fileID: 0}
    - target: {fileID: -8679921383154817045, guid: 4d1b8ecc92693804baeab78e7ddfcdd8, type: 3}
      propertyPath: m_LocalRotation.y
      value: -0.7071068
      objectReference: {fileID: 0}
    - target: {fileID: -8679921383154817045, guid: 4d1b8ecc92693804baeab78e7ddfcdd8, type: 3}
      propertyPath: m_LocalRotation.z
      value: 0
      objectReference: {fileID: 0}
    - target: {fileID: -8679921383154817045, guid: 4d1b8ecc92693804baeab78e7ddfcdd8, type: 3}
      propertyPath: m_LocalEulerAnglesHint.x
      value: 0
      objectReference: {fileID: 0}
    - target: {fileID: -8679921383154817045, guid: 4d1b8ecc92693804baeab78e7ddfcdd8, type: 3}
      propertyPath: m_LocalEulerAnglesHint.y
      value: -90
      objectReference: {fileID: 0}
    - target: {fileID: -8679921383154817045, guid: 4d1b8ecc92693804baeab78e7ddfcdd8, type: 3}
      propertyPath: m_LocalEulerAnglesHint.z
      value: 0
      objectReference: {fileID: 0}
    - target: {fileID: 919132149155446097, guid: 4d1b8ecc92693804baeab78e7ddfcdd8, type: 3}
      propertyPath: m_Name
      value: Mask
      objectReference: {fileID: 0}
    - target: {fileID: 919132149155446097, guid: 4d1b8ecc92693804baeab78e7ddfcdd8, type: 3}
      propertyPath: m_IsActive
      value: 1
      objectReference: {fileID: 0}
    m_RemovedComponents: []
  m_SourcePrefab: {fileID: 100100000, guid: 4d1b8ecc92693804baeab78e7ddfcdd8, type: 3}
--- !u!1 &7678079512386717396 stripped
GameObject:
  m_CorrespondingSourceObject: {fileID: 919132149155446097, guid: 4d1b8ecc92693804baeab78e7ddfcdd8, type: 3}
  m_PrefabInstance: {fileID: 7372231455735217029}
  m_PrefabAsset: {fileID: 0}
--- !u!4 &7045270350828117102 stripped
Transform:
  m_CorrespondingSourceObject: {fileID: -8679921383154817045, guid: 4d1b8ecc92693804baeab78e7ddfcdd8, type: 3}
  m_PrefabInstance: {fileID: 7372231455735217029}
  m_PrefabAsset: {fileID: 0}
